@article{Flesch_1948,
title={A new readability yardstick.},
volume={32}, 
url={http://dx.doi.org/10.1037/h0057532},
number={3},
journal={Journal of Applied Psychology},
publisher={American Psychological Association (APA)},
author={Flesch, Rudolph},
year={1948},
pages={221–233},
doi={10.1037/h0057532},
}
@misc{florida,
  organization={{The 2021 Florida Statutes}},
  publisher={Florida Legislature},
  title={INSURANCE RATES AND CONTRACTS},
  chapter=627,
  section={627.4145},
  year=2021,
  url={http://www.leg.state.fl.us/statutes/index.cfm?App_mode=Display_Statute&Search_String=&URL=0600-0699/0627/Sections/0627.4145.html},
}
@article{readable_code,
  title = {Improving code readability classification using convolutional neural networks},
  journal = {Information and Software Technology},
  volume = {104},
  pages = {60-71},
  year = {2018},
  issn = {0950-5849},
  doi = {https://doi.org/10.1016/j.infsof.2018.07.006},
  url = {https://www.sciencedirect.com/science/article/pii/S0950584918301496},
  author = {Qing Mi and Jacky Keung and Yan Xiao and Solomon Mensah and Yujin Gao},
}
@article{read_down, 
  title={The readability of scientific texts is decreasing over time}, 
  volume={6}, 
  url={http://dx.doi.org/10.7554/eLife.27725}, 
  DOI={10.7554/elife.27725}, 
  journal={eLife}, 
  publisher={eLife Sciences Publications, Ltd}, 
  author={Plavén-Sigray, Pontus and Matheson, Granville James and Schiffler, Björn Christian and Thompson, William Hedley}, 
  year={2017}, 
  month={Sep} 
}